%%EFT
@article{Anand:MathematicaEFT,
  title = {Weakly interacting massive particle-nucleus elastic scattering response},
  author = {Anand, Nikhil and Fitzpatrick, A. Liam and Haxton, W. C.},
  journal = {Phys. Rev. C},
  volume = {89},
  issue = {6},
  pages = {065501},
  numpages = {26},
  year = {2014},
  month = {Jun},
  publisher = {American Physical Society},
  doi = {10.1103/PhysRevC.89.065501},
  url = {https://link.aps.org/doi/10.1103/PhysRevC.89.065501}
}

@article{Fitzpatrick:EFT,
      author         = "Fitzpatrick, A. Liam and Haxton, Wick and Katz, Emanuel
                        and Lubbers, Nicholas and Xu, Yiming",
      title          = "{The Effective Field Theory of Dark Matter Direct
                        Detection}",
      journal        = "JCAP",
      volume         = "1302",
      year           = "2013",
      pages          = "004",
      doi            = "10.1088/1475-7516/2013/02/004",
      eprint         = "1203.3542",
      archivePrefix  = "arXiv",
      primaryClass   = "hep-ph",
      SLACcitation   = "%%CITATION = ARXIV:1203.3542;%%"
}

@article{Fan_2010,
	doi = {10.1088/1475-7516/2010/11/042},
	url = {https://doi.org/10.1088%2F1475-7516%2F2010%2F11%2F042},
	year = 2010,
	month = {nov},
	publisher = {{IOP} Publishing},
	volume = {2010},
	number = {11},
	pages = {042--042},
	author = {JiJi Fan and Matthew Reece and Lian-Tao Wang},
	title = {Non-relativistic effective theory of dark matter direct detection},
	journal = {J. Cosmol. Astropart. Phys.}
}

@article{georgi:EFT,
  title={Effective field theory},
  author={Georgi, Howard},
  journal={Annu. Rev. Nucl. Part. Sci.},
  volume={43},
  number={1},
  pages={209--252},
  year={1993},
  publisher={Annual Reviews 4139 El Camino Way, PO Box 10139, Palo Alto, CA 94303-0139, USA},
  url={http://www.people.fas.harvard.edu/~hgeorgi/review.pdf}
}

@article{Hisano:2017jmz,
    author = "Hisano, Junji",
    editor = "Davidson, Sacha and Gambino, Paolo and Laine, Mikko and Neubert, Matthias and Salomon, Christophe",
    title = "{Effective theory approach to direct detection of dark matter}",
    eprint = "1712.02947",
    archivePrefix = "arXiv",
    primaryClass = "hep-ph",
    doi = "10.1093/oso/9780198855743.003.0011",
    journal = "Les Houches Lect. Notes",
    volume = "108",
    year = "2020"
}

@misc{dmformfactor,
	author =   {{Anand}, N and {Fitzpatrick}, A.~L. and {Haxton}, W. and {Katz}, E. and {Lubbers}, N. and 
	{Xu}, Y.},
	title =    {{DMFormFactor Mathematica package, Version 6.0}},
	howpublished = {\url{https://www.ocf.berkeley.edu/~nanand/software/dmformfactor/}},
	year = {2013--2015}
}


@article{haxton_unpublished,
      title={ }, 
      journal={in preparation for {Annu. Rev. Nucl. Part. Sci}},
      author = "Fitzpatrick, A. Liam and Haxton, W. C. and Johnson, C. W. and McElvain, K. S.",
}

@article{Jeong_2022,
	doi = {10.1016/j.cpc.2022.108342},
	url = {https://doi.org/10.1016%2Fj.cpc.2022.108342},
	year = 2022,
	month = {jul},
	publisher = {Elsevier {BV}},
	volume = {276},
	pages = {108342},
	author = {Injun Jeong and Sunghyun Kang and Stefano Scopel and Gaurav Tomar},
	title = {{WimPyDD}: An object{\textendash}oriented Python code for the calculation of {WIMP} direct detection signals},
	journal = {Comput. Phys. Commun.}
}


@article{Smith_2001,
   title={Inelastic dark matter},
   volume={64},
   ISSN={1089-4918},
   url={http://dx.doi.org/10.1103/PhysRevD.64.043502},
   DOI={10.1103/physrevd.64.043502},
   number={4},
   journal={Phys. Rev. D},
   publisher={American Physical Society (APS)},
   author={Smith, David and Weiner, Neal},
   year={2001},
   month={Jul}
}

@article{Barello_2014,
   title={A model independent approach to inelastic dark matter scattering},
   volume={90},
   ISSN={1550-2368},
   url={http://dx.doi.org/10.1103/PhysRevD.90.094027},
   DOI={10.1103/physrevd.90.094027},
   number={9},
   journal={Phys. Rev. D},
   publisher={American Physical Society (APS)},
   author={Barello, G. and Chang, Spencer and Newby, Christopher A.},
   year={2014},
   month={Nov}
}

@misc{Haxton_OneBody,
  title = { }, 
  author = {W. Haxton and K. McElvain},
  howpublished = {\url{https://github.com/Berkeley-Electroweak-Physics/Elastic}},
  note = {Accessed: 2022-12-10},
  year = {2022}
}
% Ground state to ground state one body density matrices},

@article{BUCHALLA201480:EFT,
title = {On the power counting in effective field theories},
journal = {Phys. Lett. B},
volume = {731},
pages = {80-86},
year = {2014},
issn = {0370-2693},
doi = {https://doi.org/10.1016/j.physletb.2014.02.015},
url = {https://www.sciencedirect.com/science/article/pii/S0370269314001063},
author = {Gerhard Buchalla and Oscar Cat√† and Claudius Krause}
}

@article{schneck2015dark,
  title={Dark matter effective field theory scattering in direct detection experiments},
  author={Schneck, K and others},
  journal={Phys. Rev. D},
  volume={91},
  number={9},
  pages={092004},
  year={2015},
  publisher={APS}
}

% XENON
@article{Xenon1t:2vec_2019,
	doi = {10.1038/s41586-019-1124-4},
	url = {https://doi.org/10.1038\%2Fs41586-019-1124-4},
	year = 2019,
	month = {apr},
	publisher = {Springer Science and Business Media {LLC}},
	volume = {568},
	number = {7753},
	pages = {532--535},
	title = {Observation of two-neutrino double electron capture in $^{124}$Xe with {XENON}1T},
    author={Aprile, E. and others},
    collaboration = "XENON Collaboration",
	journal = {Nature}
}

@article{XELDA_Lshell_EC,
  title = {Measurement of charge and light yields for $^{127}\mathrm{Xe}$ $L$-shell electron captures in liquid xenon},
  author = {Temples, D. J. and others},
  journal = {Phys. Rev. D},
  volume = {104},
  issue = {11},
  pages = {112001},
  numpages = {15},
  year = {2021},
  month = {Dec},
  publisher = {American Physical Society},
  doi = {10.1103/PhysRevD.104.112001},
  url = {https://link.aps.org/doi/10.1103/PhysRevD.104.112001}
}



@article{Xenon100:EFT_2017,
   title={Effective field theory search for high-energy nuclear recoils using the XENON100 dark matter detector},
   volume={96},
   ISSN={2470-0029},
   url={http://dx.doi.org/10.1103/PhysRevD.96.042004},
   DOI={10.1103/physrevd.96.042004},
   number={4},
   journal={Phys. Rev. D},
   publisher={American Physical Society (APS)},
   author={Aprile, E. and others},
   collaboration  = "XENON Collaboration",
   year={2017},
   month={Aug} }


@article{XenonNT:WS_2023,
    author = "Aprile, E. and others",
    collaboration = "XENON Collaboration",
    title = "{First Dark Matter Search with Nuclear Recoils from the XENONnT Experiment}",
    eprint = "2303.14729",
    archivePrefix = "arXiv",
    primaryClass = "hep-ex",
    doi = "10.1103/PhysRevLett.131.041003",
    journal = "Phys. Rev. Lett.",
    volume = "131",
    number = "4",
    pages = "041003",
    year = "2023"
}

% PANDA
@article{PandaX2:SD_EFT_2019,
	doi = {10.1016/j.physletb.2019.02.043},
	url = {https://doi.org/10.1016\%2Fj.physletb.2019.02.043},
	year = 2019,
	month = {may},
	publisher = {Elsevier {BV}},  
	volume = {792},
	pages = {193--198},  
	author = {Jingkai Xia and Wick C. Haxton and others},
    collaboration  = "PandaX Collaboration",
	title = {{PandaX}-{II} constraints on spin-dependent {WIMP}-nucleon effective interactions},
	journal = {Phys. Lett. B}
}

@article{PandaX4T:SI2023,
    author = "Meng, Yue and others",
    collaboration = "PandaX-4T Collaboration",
    title = "{Dark Matter Search Results from the PandaX-4T Commissioning Run}",
    eprint = "2107.13438",
    archivePrefix = "arXiv",
    primaryClass = "hep-ex",
    doi = "10.1103/PhysRevLett.127.261802",
    journal = "Phys. Rev. Lett.",
    volume = "127",
    number = "26",
    pages = "261802",
    year = "2021"
}


% EXO
@article{Exo200:2vbb_2014,
  title = {Improved measurement of the $2\ensuremath{\nu}\ensuremath{\beta}\ensuremath{\beta}$ half-life of ${}^{136}$Xe with the EXO-200 detector},
  author = {Albert, J. B. and others},
  collaboration = {EXO Collaboration},
  journal = {Phys. Rev. C},
  volume = {89},
  issue = {1},
  pages = {015502},
  numpages = {29},
  year = {2014},
  month = {Jan},
  publisher = {American Physical Society},
  doi = {10.1103/PhysRevC.89.015502},
  url = {https://link.aps.org/doi/10.1103/PhysRevC.89.015502}
}

% SNO
@article{SNO:solar_neutrinos_2013,
  title = {Combined analysis of all three phases of solar neutrino data from the Sudbury Neutrino Observatory},
  author = {Aharmim, B. and others},
  collaboration = "SNO Collaboration",
  journal = {Phys. Rev. C},
  volume = {88},
  issue = {2},
  pages = {025501},
  numpages = {27},
  year = {2013},
  month = {Aug},
  publisher = {American Physical Society},
  doi = {10.1103/PhysRevC.88.025501},
  url = {https://link.aps.org/doi/10.1103/PhysRevC.88.025501}
}

% BOREXINO
@article{Borexino:neutrons_2019,
  title = {Simultaneous precision spectroscopy of $pp$, $^{7}\mathrm{Be}$, and $pep$ solar neutrinos with Borexino Phase-II},
  author = {Agostini, M. and others},
  collaboration = "Borexino Collaboration",
  journal = {Phys. Rev. D},
  volume = {100},
  issue = {8},
  pages = {082004},
  numpages = {17},
  year = {2019},
  month = {Oct},
  publisher = {American Physical Society},
  doi = {10.1103/PhysRevD.100.082004},
  url = {https://link.aps.org/doi/10.1103/PhysRevD.100.082004}
}

% XLZD
@article{XLZD:white_2022,
    author = "Aalbers, J. and others",
    collaboration = {XLZD Consortium},
    title = "{A next-generation liquid xenon observatory for dark matter and neutrino physics}",
    eprint = "2203.02309",
    archivePrefix = "arXiv",
    primaryClass = "physics.ins-det",
    reportNumber = "INT-PUB-22-003, FERMILAB-PUB-22-112-PPD-QIS-T",
    doi = "10.1088/1361-6471/ac841a",
    journal = "J. Phys. G",
    volume = "50",
    number = "1",
    pages = "013001",
    year = "2023"
}
%ARGON
@article{DEAP:eft_2020,
    author = "Adhikari, P. and others",
    collaboration = "DEAP",
    title = "{Constraints on dark matter-nucleon effective couplings in the presence of kinematically distinct halo substructures using the DEAP-3600 detector}",
    eprint = "2005.14667",
    archivePrefix = "arXiv",
    primaryClass = "astro-ph.CO",
    doi = "10.1103/PhysRevD.102.082001",
    journal = "Phys. Rev. D",
    volume = "102",
    number = "8",
    pages = "082001",
    year = "2020",
    note = "[Erratum: Phys.Rev.D 105, 029901 (2022)]"
}
@article{DarkSide-50:eft_2020,
    author = "Agnes, P. and others",
    collaboration = "DarkSide-50",
    title = "{Effective field theory interactions for liquid argon target in DarkSide-50 experiment}",
    eprint = "2002.07794",
    archivePrefix = "arXiv",
    primaryClass = "hep-ex",
    reportNumber = "FERMILAB-PUB-20-083-AE-ND-PPD-SCD",
    doi = "10.1103/PhysRevD.101.062002",
    journal = "Phys. Rev. D",
    volume = "101",
    number = "6",
    pages = "062002",
    year = "2020"
}

%Other
@article{PICO:photonM_2022,
    author = "Ali, B. and others",
    collaboration = "PICO",
    title = "{Results on photon-mediated dark-matter\textendash{}nucleus interactions from the PICO-60 C3F8 bubble chamber}",
    eprint = "2204.10340",
    archivePrefix = "arXiv",
    primaryClass = "astro-ph.CO",
    reportNumber = "FERMILAB-PUB-22-371-PPD-SCD",
    doi = "10.1103/PhysRevD.106.042004",
    journal = "Phys. Rev. D",
    volume = "106",
    number = "4",
    pages = "042004",
    year = "2022"
}

%%%Stats
@article{DM_parameters:BAXTER2021_Conventions,
	doi = {10.1140/epjc/s10052-021-09655-y},
	url = {https://doi.org/10.1140\%2Fepjc\%2Fs10052-021-09655-y},
	year = 2021,
	month = {oct},
	publisher = {Springer Science and Business Media {LLC}},
	volume = {81},
	number = {10},
	author = {D. Baxter and others},
	title = {Recommended conventions for reporting results from direct dark matter searches},
	journal = {Eur. Phys. J. C}
}

@article{fenics,
  doi = {10.11588/ANS.2015.100.20553},
  url = {http://journals.ub.uni-heidelberg.de/index.php/ans/article/view/20553},
  author = {Aln√¶s,  Martin and others},
  language = {en},
  title = {The FEniCS Project Version 1.5},
  journal = {Archive of Numerical Software},
  volume = {Vol 3},
  pages = {Starting Point and Frequency},
  publisher = {University Library Heidelberg},
  year = {2015},
  copyright = {Authors who publish with this journal agree to the following terms: Authors retain copyright and grant the journal right of first publication with the descriptive part of the work simultaneously licensed under a Creative Commons Attribution License that allows others to share the work with an acknowledgment of the work's authorship and initial publication in this journal. The code part of the work is licensed under a suitable OSI approved Open Source license. Authors are able to enter into separate,  additional contractual arrangements for the non-exclusive distribution of the journal's published version of the work (e.g.,  post it to an institutional repository or publish it in a book),  with an acknowledgment of its initial publication in this journal. Authors are permitted and encouraged to post their work online (e.g.,  in institutional repositories or on their website) prior to and during the submission process,  as it can lead to productive exchanges,  as well as earlier and greater citation of published work.}
}

@article{DM_parameters:LEWIN199687_DM_density,
title = {Review of mathematics, numerical factors, and corrections for dark matter experiments based on elastic nuclear recoil},
journal = {Astropart. Phys.},
volume = {6},
number = {1},
pages = {87-112},
year = {1996},
issn = {0927-6505},
doi = {https://doi.org/10.1016/S0927-6505(96)00047-3},
url = {https://www.sciencedirect.com/science/article/pii/S0927650596000473},
author = {J.D. Lewin and P.F. Smith},
abstract = {We present a systematic derivation and discussion of the practical formulae needed to design and interpret direct searches for nuclear recoil events caused by hypothetical weakly interacting dark matter particles. Modifications to the differential energy spectrum arise from the Earth's motion, recoil detection efficiency, instrumental resolution and threshold, multiple target elements, spin-dependent and coherent factors, and nuclear form factor. We discuss the normalization and presentation of results to allow comparison between different target elements and with theoretical predictions. Equations relating to future directional detectors are also included.}
}

@article{DM_parameters:RAVE_survey_escape_velocity,
    author = "Smith, Martin C. and others",
    title = "{The RAVE Survey: Constraining the Local Galactic Escape Speed}",
    eprint = "astro-ph/0611671",
    archivePrefix = "arXiv",
    doi = "10.1111/j.1365-2966.2007.11964.x",
    journal = "Mon. Not. Roy. Astron. Soc.",
    volume = "379",
    pages = "755--772",
    year = "2007"
}



@article{DM_parameters:galaxy_context_rest_velocity_1,
    author = {Bland-Hawthorn, Joss and Gerhard, Ortwin},
    title = {The Galaxy in Context: Structural, Kinematic, and Integrated Properties},
    journal = {Annu. Rev. Astron. Astrophys.},
    volume = {54},
    number = {1},
    pages = {529-596},
    year = {2016},
    doi = {10.1146/annurev-astro-081915-023441},
    URL = {https://doi.org/10.1146/annurev-astro-081915-023441},
    eprint = {https://doi.org/10.1146/annurev-astro-081915-023441},
    abstract = { Our Galaxy, the Milky Way, is a benchmark for understanding disk galaxies. It is the only galaxy whose formation history can be studied using the full distribution of stars from faint dwarfs to supergiants. The oldest components provide us with unique insight into how galaxies form and evolve over billions of years. The Galaxy is a luminous (L‚ãÜ) barred spiral with a central box/peanut bulge, a dominant disk, and a diffuse stellar halo. Based on global properties, it falls in the sparsely populated ‚Äúgreen valley‚Äù region of the galaxy color-magnitude diagram. Here we review the key integrated, structural and kinematic parameters of the Galaxy, and point to uncertainties as well as directions for future progress. Galactic studies will continue to play a fundamental role far into the future because there are measurements that can only be made in the near field and much of contemporary astrophysics depends on such observations. }
}

@article{DM_parameters:galaxy_context_rest_velocity_2,
	author = {{Abuter, R.} and others},
    collaboration = {{GRAVITY Collaboration}},
	title = {Improved GRAVITY astrometric accuracy from modeling optical aberrations},
	DOI= "10.1051/0004-6361/202040208",
	url= "https://doi.org/10.1051/0004-6361/202040208",
	journal = {A\&A},
	year = 2021,
	volume = 647,
	pages = "A59",
}




@article{Cowan_2011:Asymptotic,
	doi = {10.1140/epjc/s10052-011-1554-0},
  	url = {https://doi.org/10.1140\%2Fepjc%2Fs10052-011-1554-0},
  	year = 2011,
	month = {feb},
  	publisher = {Springer Science and Business Media {LLC}
},
  	volume = {71},
  	number = {2},
	author = {Glen Cowan and Kyle Cranmer and Eilam Gross and Ofer Vitells},
	title = {Asymptotic formulae for likelihood-based tests of new physics},
	journal = {Eur. Phys. J.}
}


@article{MENENDEZ2009139,
title = {Disassembling the nuclear matrix elements of the neutrinoless Œ≤Œ≤ decay},
journal = {Nucl. Phys. A},
volume = {818},
number = {3},
pages = {139-151},
year = {2009},
issn = {0375-9474},
doi = {https://doi.org/10.1016/j.nuclphysa.2008.12.005},
url = {https://www.sciencedirect.com/science/article/pii/S0375947408008233},
author = {J. Men√©ndez and A. Poves and E. Caurier and F. Nowacki},

}


@inproceedings{johnson2018current,
    author = "Johnson, Calvin W.",
    title = "{Current Status of Very-Large-Basis Hamiltonian Diagonalizations for Nuclear Physics}",
    booktitle = "{13th Conference on the Intersections of Particle and Nuclear Physics}",
    eprint = "1809.07869",
    archivePrefix = "arXiv",
    primaryClass = "nucl-th",
    month = "9",
    year = "2018"
}





@article{Han_1997,
   title={Messenger sneutrinos as cold dark matter},
   volume={415},
   ISSN={0370-2693},
   url={http://dx.doi.org/10.1016/S0370-2693(97)01205-7},
   DOI={10.1016/s0370-2693(97)01205-7},
   number={2},
   journal={Phys. Lett. B},
   publisher={Elsevier BV},
   author={Han, Tao and Hempfling, Ralf},
   year={1997},
   month={Dec},
   pages={161‚Äì169}
}

@article{Hall_1998,
   title={Sneutrino cold dark matter with lepton-number violation},
   volume={424},
   ISSN={0370-2693},
   url={http://dx.doi.org/10.1016/S0370-2693(98)00196-8},
   DOI={10.1016/s0370-2693(98)00196-8},
   number={3-4},
   journal={Phys. Lett. B},
   publisher={Elsevier BV},
   author={Hall, Lawrence J. and Moroi, Takeo and Murayama, Hitoshi},
   year={1998},
   month={Apr},
   pages={305‚Äì312}
}

@article{Lang_2016,
	doi = {10.1088/1748-0221/11/04/p04004},
	url = {https://doi.org/10.1088\%2F1748-0221\%2F11\%2F04\%2Fp04004},
	year = 2016,
	month = {apr},
	publisher = {{IOP} Publishing},
	volume = {11},
	number = {04},
	pages = {P04004--P04004},
	author = {R.F. Lang and others},
	title = {A$\less$sup$\greater$220$\less$/sup$\greater$Rn source for the calibration of low-background experiments},
	journal = {JINST}
}

@misc{NEST:paper_2022,
  author       = {Szydagis, M. and others},
  collaboration  = "NEST Collaboration",
  title        = {Noble Element Simulation Technique},
  month        = may,
  year         = 2022,
  publisher    = {Zenodo},
  version      = {v2.3.7},
  doi          = {10.5281/zenodo.6534007},
  url          = {https://doi.org/10.5281/zenodo.6534007}
}

@article{NEST:paper_2023,
    author = "Szydagis, M. and others",
    title = "{A Review of NEST Models, and Their Application to Improvement of Particle Identification in Liquid Xenon Experiments}",
    eprint = "2211.10726",
    archivePrefix = "arXiv",
    primaryClass = "hep-ex",
    month = "11",
    year = "2022"
}


@article{DT_calib,
	doi = {10.1103/physrevd.106.052013},
	url = {https://doi.org/10.1103\%2Fphysrevd.106.052013},
	year = 2022,
	month = {sep},
	publisher = {American Physical Society ({APS})},
	volume = {106},
	number = {5},
	author = {T. Pershing and others},
	title = {Calibrating the scintillation and ionization responses of xenon recoils for high-energy dark matter searches},
	journal = {Phys. Rev. D}
}

@article{Sorensen_2011,
   title={Nuclear recoil energy scale in liquid xenon with application to the direct detection of dark matter},
   volume={83},
   ISSN={1550-2368},
   url={http://dx.doi.org/10.1103/PhysRevD.83.063501},
   DOI={10.1103/physrevd.83.063501},
   number={6},
   journal={Phys. Rev. D},
   publisher={American Physical Society (APS)},
   author={Sorensen, Peter and Dahl, Carl Eric},
   year={2011},
   month={Mar}
}



@article{ALLISON2016,
title = {Recent developments in Geant4},
journal = {Nucl. Instrum. Methods Phys. Res.},
volume = {835},
pages = {186-225},
year = {2016},
issn = {0168-9002},
doi = {https://doi.org/10.1016/j.nima.2016.06.125},
url = {https://www.sciencedirect.com/science/article/pii/S0168900216306957},
author = {J. Allison and others},
collaboration  = {Geant4 Collaboration}
}

@article{VINYOLES2017_SolarModels,
doi = {10.3847/1538-4357/835/2/202},
url = {https://dx.doi.org/10.3847/1538-4357/835/2/202},
year = {2017},
month = {jan},
publisher = {The American Astronomical Society},
volume = {835},
number = {2},
pages = {202},
author = {N√∫ria Vinyoles and others},
title = {A New Generation of Standard Solar Models},
journal = {Astrophys. J.},
}


@article{AKIMOV2017_NeutrinoScattering,
doi = {10.1126/science.aao0990},
author = {D. Akimov  and others},
collaboration = "COHERENT Collaboration",
title = {Observation of coherent elastic neutrino-nucleus scattering},
journal = {Science},
volume = {357},
number = {6356},
pages = {1123-1126},
year = {2017},
URL = {https://www.science.org/doi/abs/10.1126/science.aao0990},
eprint = {https://www.science.org/doi/pdf/10.1126/science.aao0990},
}

@article{CHEN2017_Neutrinos,
title = {Low-energy electronic recoil in xenon detectors by solar neutrinos},
journal = {Phys. Lett. B},
volume = {774},
pages = {656-661},
year = {2017},
issn = {0370-2693},
doi = {https://doi.org/10.1016/j.physletb.2017.10.029},
url = {https://www.sciencedirect.com/science/article/pii/S0370269317308419},
author = {Jiunn-Wei Chen and others},
}





@article{isotopiccompositions_BerglundWieser,
url = {https://doi.org/10.1351/PAC-REP-10-06-02},
title = {Isotopic compositions of the elements 2009 (IUPAC Technical Report)},
author = {Michael Berglund and Michael E. Wieser},
pages = {397--410},
volume = {83},
number = {2},
journal = {Pure Appl. Chem.},
doi = {doi:10.1351/PAC-REP-10-06-02},
year = {2011},
lastchecked = {2023-06-14}
}




@misc{table_of_radionuclides:2016,
title={Table of Radionuclides},
volume={8},
year={2016},
author = {M-M B\'{e} and others},
publisher = {BUREAU INTERNATIONAL DES POIDS ET MESURES},
}


% Klein Nishina
@book{weinberg1995quantum,
  title={The quantum theory of fields},
  author={Weinberg, Steven},
  volume={2},
  year={1995},
  publisher={Cambridge university press}
}

% NIST
@misc{berger1998xcom,
  title={{XCOM: Photon cross sections database}},
  author={Berger, Martin J},
  url={http://physics.nist.gov/PhysRefData/Xcom/Text/XCOM.html},
  volume={8},
  pages={3587},
  year={1998}
}

@article{Cowan:2011_power_constraints,
    author = "Cowan, Glen and Cranmer, Kyle and Gross, Eilam and Vitells, Ofer",
    title = "{Power-Constrained Limits}",
    eprint = "1105.3166",
    archivePrefix = "arXiv",
    primaryClass = "physics.data-an",
    month = "5",
    year = "2011"
}

@article{JUNGMAN:Supersymmetric_dark_matter,
    title = {Supersymmetric dark matter},
    journal = {Phys. Rep.},
    volume = {267},
    number = {5},
    pages = {195-373},
    year = {1996},
    issn = {0370-1573},
    doi = {https://doi.org/10.1016/0370-1573(95)00058-5},
    url = {https://www.sciencedirect.com/science/article/pii/0370157395000585},
    author = {Gerard Jungman and Marc Kamionkowski and Kim Griest},
}
@article{Schoenrich:Local_kinematics,
    author = "Schoenrich, R. and Binney, J. and Dehnen, W.",
    title = "{Local Kinematics and the Local Standard of Rest}",
    eprint = "0912.3693",
    archivePrefix = "arXiv",
    primaryClass = "astro-ph.GA",
    doi = "10.1111/j.1365-2966.2010.16253.x",
    journal = "Mon. Not. Roy. Astron. Soc.",
    volume = "403",
    pages = "1829",
    year = "2010"
}

%%UKDC Acknowledgment 
@article{faulkner2005gridpp,
    title={GridPP: development of the UK computing Grid for particle physics},
    author={Faulkner, PJW and others},
    journal={J. Phys. G},
    volume={32},
    number={1},
    pages={N1},
    year={2005},
    publisher={IOP Publishing},
    doi={https://doi.org/10.1088/0954-3899/32/1/N01}
}

@article{britton2009gridpp,
    title={GridPP: the UK grid for particle physics},
    author={Britton, David and others},
    journal={Philos. Trans.  R. Soc. A},
    volume={367},
    number={1897},
    pages={2447--2457},
    year={2009},
    publisher={The Royal Society London},
    doi={https://doi.org/10.1098/rsta.2009.0036}
}

% XENON
@article{Xenon1t:2vec_2019,
	doi = {10.1038/s41586-019-1124-4},
	url = {https://doi.org/10.1038\%2Fs41586-019-1124-4},
	year = 2019,
	month = {apr},
	publisher = {Springer Science and Business Media {LLC}},
	volume = {568},
	number = {7753},
	pages = {532--535},
	title = {Observation of two-neutrino double electron capture in $^{124}$Xe with {XENON}1T},
    author={Aprile, E. and others},
    collaboration = "XENON Collaboration",
	journal = {Nature}
}

% EXO
@article{Exo200:2vbb_2014,
  title = {Improved measurement of the $2\ensuremath{\nu}\ensuremath{\beta}\ensuremath{\beta}$ half-life of ${}^{136}$Xe with the EXO-200 detector},
  author = {Albert, J. B. and others},
  collaboration = {EXO Collaboration},
  journal = {Phys. Rev. C},
  volume = {89},
  issue = {1},
  pages = {015502},
  numpages = {29},
  year = {2014},
  month = {Jan},
  publisher = {American Physical Society},
  doi = {10.1103/PhysRevC.89.015502},
  url = {https://link.aps.org/doi/10.1103/PhysRevC.89.015502}
}

% SNO
@article{SNO:solar_neutrinos_2013,
  title = {Combined analysis of all three phases of solar neutrino data from the Sudbury Neutrino Observatory},
  author = {Aharmim, B. and others},
  collaboration = "SNO Collaboration",
  journal = {Phys. Rev. C},
  volume = {88},
  issue = {2},
  pages = {025501},
  numpages = {27},
  year = {2013},
  month = {Aug},
  publisher = {American Physical Society},
  doi = {10.1103/PhysRevC.88.025501},
  url = {https://link.aps.org/doi/10.1103/PhysRevC.88.025501}
}

% BOREXINO
@article{Borexino:neutrons_2019,
  title = {Simultaneous precision spectroscopy of $pp$, $^{7}\mathrm{Be}$, and $pep$ solar neutrinos with Borexino Phase-II},
  author = {Agostini, M. and others},
  collaboration = "Borexino Collaboration",
  journal = {Phys. Rev. D},
  volume = {100},
  issue = {8},
  pages = {082004},
  numpages = {17},
  year = {2019},
  month = {Oct},
  publisher = {American Physical Society},
  doi = {10.1103/PhysRevD.100.082004},
  url = {https://link.aps.org/doi/10.1103/PhysRevD.100.082004}
}

% XLZD
@article{XLZD:white_2022,
    author = "Aalbers, J. and others",
    collaboration = {XLZD Consortium},
    title = "{A next-generation liquid xenon observatory for dark matter and neutrino physics}",
    eprint = "2203.02309",
    archivePrefix = "arXiv",
    primaryClass = "physics.ins-det",
    reportNumber = "INT-PUB-22-003, FERMILAB-PUB-22-112-PPD-QIS-T",
    doi = "10.1088/1361-6471/ac841a",
    journal = "J. Phys. G",
    volume = "50",
    number = "1",
    pages = "013001",
    year = "2023"
}
%ARGON

%%%% LZ AND LUX
@article{LZ:SR1WS_2022,
    author = "Aalbers, J. and others",
    collaboration = "LZ Collaboration",
    title = "{First Dark Matter Search Results from the LUX-ZEPLIN (LZ) Experiment}",
    eprint = "2207.03764",
    archivePrefix = "arXiv",
    primaryClass = "hep-ex",
    doi = "10.1103/PhysRevLett.131.041002",
    journal = "Phys. Rev. Lett.",
    volume = "131",
    number = "4",
    pages = "041002",
    year = "2023"
}

@article{LZ:sensitivity_2018,
  title={Projected WIMP sensitivity of the LUX-ZEPLIN (LZ) dark matter experiment},
  author={Akerib, DS and others},
  collaboration  = "LZ Collaboration",
  journal={arXiv preprint arXiv:1802.06039},
  year={2018}
}

@article{LZ:radioactivity_and_cleanliness_2020,
	doi = {10.1140/epjc/s10052-020-8420-x},
	url = {https://doi.org/10.1140/epjc/s10052-020-8420-x},
	year = 2020,
	month = {nov},
	publisher = {Springer Science and Business Media {LLC}},
	volume = {80},
	number = {11},
	author={Akerib, DS and others},
    collaboration  = "LZ Collaboration",
	title = {The {LUX}-{ZEPLIN} ({LZ}) radioactivity and cleanliness control programs},
	journal = {Eur. Phys. J.}
}

@article{LZ:cavern_gamma_2020,
	doi = {10.1016/j.astropartphys.2019.102391},
    url = {https://doi.org/10.1016/j.astropartphys.2019.102391},
	year = {2020},
	volume = {116},
    pages = {102391},
    issn = {0927-6505},
	author={Akerib, DS and others},
    collaboration  = "LZ Collaboration",
	title = {Measurement of the gamma ray background in the Davis cavern at the Sanford Underground Research Facility},
    journal = {Astropart. Phys.},
}

@article{LZ:sr1backgrounds_2022,
      title={Background Determination for the LUX-ZEPLIN (LZ) Dark Matter Experiment}, 
      author={Aalbers, J and others},
      collaboration  = "LZ Collaboration",
      year={2022},
      eprint={2211.17120},
      archivePrefix={arXiv},
      primaryClass={hep-ex},
      journal = {Phys. Rev. D},
      volume = {108},
      issue = {1},
      pages = {012010},
      numpages = {27},
      publisher = {American Physical Society},
      doi = {10.1103/PhysRevD.108.012010},
      url = {https://link.aps.org/doi/10.1103/PhysRevD.108.012010}
}

@article{LZ:Ar37_2022,
  title = {Cosmogenic production of $^{37}\mathrm{Ar}$ in the context of the LUX-ZEPLIN experiment},
  author = {Aalbers, J. and others},
  collaboration  = "LZ Collaboration",
  journal = {Phys. Rev. D},
  volume = {105},
  issue = {8},
  pages = {082004},
  numpages = {8},
  year = {2022},
  month = {Apr},
  publisher = {American Physical Society},
  doi = {10.1103/PhysRevD.105.082004},
  url = {https://link.aps.org/doi/10.1103/PhysRevD.105.082004}
}

@article{LZ:Experiment_2020,
    author = "Akerib, D. S. and others",
    collaboration = "LZ Collaboration",
    title = "{The LUX-ZEPLIN (LZ) Experiment}",
    eprint = "1910.09124",
    archivePrefix = "arXiv",
    primaryClass = "physics.ins-det",
    reportNumber = "FERMILAB-PUB-19-555-AE-E",
    doi = "10.1016/j.nima.2019.163047",
    journal = "Nucl. Instrum. Meth. A",
    volume = "953",
    pages = "163047",
    year = "2020"
}

@article{LZ:TDR_2017,
    author = "Mount, B. J. and others",
    title = "{LUX-ZEPLIN (LZ) Technical Design Report}",
    collaboration  = "LZ Collaboration",
    eprint = "1703.09144",
    archivePrefix = "arXiv",
    primaryClass = "physics.ins-det",
    reportNumber = "LBNL-1007256, FERMILAB-TM-2653-AE-E-PPD",
    month = "3",
    year = "2017"
}


@article{LZ:simulations_2021,
title = {Simulations of events for the LUX-ZEPLIN (LZ) dark matter experiment},
journal = {Astropart. Phys.},
volume = {125},
pages = {102480},
year = {2021},
issn = {0927-6505},
doi = {https://doi.org/10.1016/j.astropartphys.2020.102480},
url = {https://www.sciencedirect.com/science/article/pii/S0927650520300529},
author = {D.S. Akerib and others},
collaboration  = "LZ Collaboration"
}

% LUX

@article{lux:xe127_ec_calibration,
  title = {Ultralow energy calibration of LUX detector using $^{127}\mathrm{Xe}$ electron capture},
  author = {Akerib, D. S. and others},
  journal = {Phys. Rev. D},
  volume = {96},
  issue = {11},
  pages = {112011},
  numpages = {10},
  year = {2017},
  month = {Dec},
  publisher = {American Physical Society},
  doi = {10.1103/PhysRevD.96.112011},
  url = {https://link.aps.org/doi/10.1103/PhysRevD.96.112011},
  collaboration = "LUX Collaboration"
}

@article{LUX:ER_modelling_2020,
	doi = {10.1088/1748-0221/15/02/t02007},
	url = {https://doi.org/10.1088%2F1748-0221%2F15%2F02%2Ft02007},
	year = 2020,
	month = {feb},
	publisher = {{IOP} Publishing},
	volume = {15},
	number = {02},
	pages = {T02007--T02007},
	author = {D.S. Akerib and others},
    collaboration  = "LUX Collaboration",
	title = {Improved modeling of $\upbeta$ electronic recoils in liquid xenon using {LUX} calibration data},
	journal = {JINST}
}

@article{LUX:EFTR4_2021,
	doi = {10.1103/physrevd.104.062005},
	url = {https://doi.org/10.1103%2Fphysrevd.104.062005},
	year = 2021,
	month = {sep},
	publisher = {American Physical Society ({APS})},
	volume = {104},
	number = {6},
	author = {D.{\hspace{0.167em}}S. Akerib and others},
    collaboration  = "LUX Collaboration",
	title = {Constraints on effective field theory couplings using 311.2 days of {LUX} data},
	journal = {Phys. Rev. D}
}

@article{LUX:SI_complete2017,
	doi = {10.1103/physrevlett.118.251302},
	url = {https://doi.org/10.1103\%2Fphysrevlett.118.251302},
	year = 2017,
	month = {jun},
	publisher = {American Physical Society ({APS})},
	volume = {118},
	number = {25},
    author = {D.{\hspace{0.167em}}S. Akerib and others},
    collaboration  = "LUX Collaboration",
	title = {Limits on Spin-Dependent {WIMP}-Nucleon Cross Section Obtained from the Complete {LUX} Exposure},
	journal = {Phys. Rev. Lett.}
}

@article{LUX:2020vbj,
    author = "Akerib, D. S. and others",
    collaboration = "LUX Collaboration",
    title = "{Investigation of background electron emission in the LUX detector}",
    eprint = "2004.07791",
    archivePrefix = "arXiv",
    primaryClass = "physics.ins-det",
    doi = "10.1103/PhysRevD.102.092004",
    journal = "Phys. Rev. D",
    volume = "102",
    number = "9",
    pages = "092004",
    year = "2020"
}
